<?xml version="1.0" encoding="UTF-8"?><collection xmlns="http://www.loc.gov/MARC21/slim"><record><leader>00387nam--2200133-i-4500</leader><controlfield tag="001">000038719</controlfield><controlfield tag="002">20161230</controlfield><controlfield tag="005">20161230201041</controlfield><controlfield tag="008">060222s1000------------r-----000-0-eng-d</controlfield><datafield ind1=" " ind2=" " tag="100"><subfield code="a">Rehwald,Walter</subfield></datafield><datafield ind1=" " ind2=" " tag="245"><subfield code="a">Elementare einfuhrung in die bessel-neuman und hankel funktionen</subfield></datafield><datafield ind1=" " ind2=" " tag="260"><subfield code="a">Stuttgart,S.Hirzel Verlag, 1959. 44 P</subfield></datafield><datafield ind1=" " ind2=" " tag="490"><subfield code="a">Math.Funktionen In Ph.Und Technik</subfield></datafield><datafield ind1=" " ind2=" " tag="852"><subfield code="a">15422</subfield></datafield></record></collection>